<record><leader>00000cas a22000007a 4500</leader><controlfield tag="001">1645006</controlfield><controlfield tag="008">750921d18861894mnuwr ne      0    0eng d</controlfield><datafield ind1=" " ind2=" " tag="010"><subfield code="a">sn 89064037 </subfield></datafield><datafield ind1=" " ind2=" " tag="040"><subfield code="a">MUL</subfield><subfield code="b">eng</subfield><subfield code="c">MUL</subfield><subfield code="d">MN#</subfield><subfield code="d">OCLCQ</subfield><subfield code="d">OCLCF</subfield><subfield code="d">OCLCO</subfield></datafield><datafield ind1="1" ind2=" " tag="029"><subfield code="a">AU@</subfield><subfield code="b">000025853281</subfield></datafield><datafield ind1=" " ind2=" " tag="042"><subfield code="a">msc</subfield></datafield><datafield ind1=" " ind2=" " tag="043"><subfield code="a">n-us-mn</subfield></datafield><datafield ind1=" " ind2=" " tag="052"><subfield code="a">4144</subfield><subfield code="b">M2</subfield></datafield><datafield ind1=" " ind2=" " tag="052"><subfield code="a">4143</subfield><subfield code="b">L2</subfield></datafield><datafield ind1="0" ind2=" " tag="130"><subfield code="a">Lac qui Parle County press (Madison, Minn. : 1886)</subfield></datafield><datafield ind1="0" ind2="4" tag="245"><subfield code="a">The Lac qui Parle County press.</subfield></datafield><datafield ind1=" " ind2=" " tag="260"><subfield code="a">Madison, Lac qui Parle County, Minn. :</subfield><subfield code="b">Farnham &amp; Ellickson,</subfield><subfield code="c">1886-1894.</subfield></datafield><datafield ind1=" " ind2=" " tag="300"><subfield code="a">18 v.</subfield></datafield><datafield ind1=" " ind2=" " tag="310"><subfield code="a">Weekly</subfield></datafield><datafield ind1="0" ind2=" " tag="362"><subfield code="a">Vol. 5, no. 5 (Apr. 30, 1886)-v. 22, no. 52 (Mar. 30, 1894).</subfield></datafield><datafield ind1=" " ind2=" " tag="530"><subfield code="a">Available on microfilm from the Minnesota Historical Society.</subfield></datafield><datafield ind1=" " ind2="0" tag="651"><subfield code="a">Madison (Minn.)</subfield><subfield code="v">Newspapers.</subfield></datafield><datafield ind1=" " ind2="7" tag="655"><subfield code="a">Newspapers.</subfield><subfield code="2">fast</subfield><subfield code="0">(OCoLC)fst01423814</subfield></datafield><datafield ind1=" " ind2="7" tag="651"><subfield code="a">Minnesota</subfield><subfield code="z">Madison.</subfield><subfield code="2">fast</subfield><subfield code="0">(OCoLC)fst01217376</subfield></datafield><datafield ind1=" " ind2=" " tag="752"><subfield code="a">United States</subfield><subfield code="b">Minnesota</subfield><subfield code="c">Lac qui Parle</subfield><subfield code="d">Madison.</subfield></datafield><datafield ind1="0" ind2="0" tag="780"><subfield code="t">Lac qui Parle press (Lac qui Parle, Minn. : 1882)</subfield><subfield code="w">(DLC)sn 89064038</subfield></datafield><datafield ind1="0" ind2="7" tag="785"><subfield code="t">Lac qui Parle County independent</subfield><subfield code="w">(DLC)sn 89064036</subfield></datafield><datafield ind1="0" ind2="7" tag="785"><subfield code="t">Independent press (Madison, Minn.)</subfield><subfield code="w">(DLC)sn 89064041</subfield></datafield></record>